@article{diaz09,
    author  = "Diaz, Alejandro",
    title   = "Simulación de {S}istemas. Enunciado Trabajo Práctico 2: Sistema de Control de Inventario",
    year    = "2009",
}
